@online{freecodecamp,
   title = {Algoritmo de caminho de custo mínimo de Dijkstra - uma introdução detalhada e visual},
   url = {https://www.freecodecamp.org/portuguese/news/algoritmo-de-caminho-de-custo-minimo-de-dijkstra-uma-introducao-detalhada-e-visual/},
month={3},
day={27},
   year = {2022},
author={Dias,Cayo},
editor={freeCodeCamp},
   urldate = {2023-07-19}
}

@online{geeksforgeeks,
   title = {How to find Shortest Paths from Source to all Vertices using Dijkstra’s Algorithm},
   url = {https://www.geeksforgeeks.org/dijkstras-shortest-path-algorithm-greedy-algo-7/},
   editor={GeeksforGeeks},
   urldate = {2023-07-19}
}

@online{elemarjr,
   title = {Algoritmo de Dijkstra: entendendo o caminho mínimo em grafos ponderados},
   url = {https://elemarjr.com/clube-de-estudos/algoritmo-de-dijkstra-entendendo-o-caminho-minimo-em-grafos-ponderados/},
   author={Júnior,Elemar},
   urldate = {2023-07-19}
}


